@article{bird1984,
  title={Using circular programs to eliminate multiple traversals of data},
  author={Bird, Richard S.},
  journal={Acta informatica},
  volume={21},
  number={3},
  pages={239--250},
  year={1984},
  publisher={Springer}
}

@inproceedings{atkey2013,
	title={Productive coprogramming with guarded recursion},
	author={Atkey, Robert and McBride, Conor},
	booktitle={ACM SIGPLAN Notices},
	volume={48},
	number={9},
	pages={197--208},
	year={2013},
	organization={ACM}
}

@inproceedings{norell2008y,
	title={Dependently typed programming in Agda},
	author={Norell, Ulf},
	booktitle={International School on Advanced Functional Programming},
	pages={230--266},
	year={2008},
	organization={Springer}
}

@phdthesis{barras1997,
	title={The Coq proof assistant reference manual: Version 6.1},
	author={Barras, Bruno and Boutin, Samuel and Cornes, Cristina and Courant, Judica{\"e}l and Filliatre, Jean-Christophe and Gimenez, Eduardo and Herbelin, Hugo and Huet, Gerard and Munoz, Cesar and Murthy, Chetan and others},
	year={1997},
	school={Inria}
}

@article{abel2004,
	title={Termination checking with types},
	author={Abel, Andreas},
	journal={RAIRO-Theoretical Informatics and Applications},
	volume={38},
	number={4},
	pages={277--319},
	year={2004},
	publisher={EDP Sciences}
}

@phdthesis{vazou2016liquid,
	title={Liquid Haskell: Haskell as a theorem prover},
	author={Vazou, Niki},
	year={2016},
	school={UC San Diego}
}

@article{mcbride2008applicative,
	title={Applicative programming with effects},
	author={McBride, Conor and Paterson, Ross},
	journal={Journal of functional programming},
	volume={18},
	number={1},
	pages={1--13},
	year={2008},
	publisher={Cambridge University Press}
}

@inproceedings{abel2013copatterns,
	title={Copatterns: programming infinite structures by observations},
	author={Abel, Andreas and Pientka, Brigitte and Thibodeau, David and Setzer, Anton},
	booktitle={ACM SIGPLAN Notices},
	volume={48},
	number={1},
	pages={27--38},
	year={2013},
	organization={ACM}
}

@inproceedings{bahr2017clocks,
  title={The clocks are ticking: No more delays!},
  author={Bahr, Patrick and Grathwohl, Hans Bugge and M{\o}gelberg, Rasmus Ejlers},
  booktitle={Logic in Computer Science (LICS), 2017 32nd Annual ACM/IEEE Symposium on},
  pages={1--12},
  year={2017},
  organization={IEEE}
}